Scopus
EXPORT DATE: 24 February 2011

@CONFERENCE{Qiu201032,
author={Qiu, M., Hu, H., Jiang, Q., Hu, H.},
title={A new approach of graph isomorphism detection based on decision tree},
journal={2nd International Workshop on Education Technology and Computer Science, ETCS 2010},
year={2010},
volume={2},
pages={32-35},
art_number={5460054},
note={cited By (since 1996) 0},
url={http://www.scopus.com/inward/record.url?eid=2-s2.0-77953056149&partnerID=40&md5=3e20c29fc9fca088c57e0d4a9e24cc8f},
document_type={Conference Paper},
source={Scopus},
}

@ARTICLE{Cheriet20093129,
author={Cheriet, M., Bunke, H., Hu, J., Kimura, F., Suen, C.Y.},
title={New Frontiers in Handwriting Recognition},
journal={Pattern Recognition},
year={2009},
volume={42},
number={12},
pages={3129-3130},
note={cited By (since 1996) 0},
url={http://www.scopus.com/inward/record.url?eid=2-s2.0-68349097467&partnerID=40&md5=03810a565e60986e74dc0c3f0fcabc6d},
document_type={Editorial},
source={Scopus},
}

@ARTICLE{Riesen2009124,
author={Riesen, K., Fankhauser, S., Bunke, H., Dickinson, P.},
title={Efficient suboptimal graph isomorphism},
journal={Lecture Notes in Computer Science (including subseries Lecture Notes in Artificial Intelligence and Lecture Notes in Bioinformatics)},
year={2009},
volume={5534 LNCS},
pages={124-133},
note={cited By (since 1996) 0},
url={http://www.scopus.com/inward/record.url?eid=2-s2.0-70349825906&partnerID=40&md5=0d913a17cf344c951c63b356d4218096},
document_type={Conference Paper},
source={Scopus},
}

@CONFERENCE{Fischer2008,
author={Fischer, A., Riesen, K., Bunke, H.},
title={An experimental study of graph classification using prototype selection},
journal={Proceedings - International Conference on Pattern Recognition},
year={2008},
art_number={4761811},
note={cited By (since 1996) 1},
url={http://www.scopus.com/inward/record.url?eid=2-s2.0-77957345818&partnerID=40&md5=09a9bc91320d5cc7a858b1c795326744},
document_type={Conference Paper},
source={Scopus},
}

@ARTICLE{Brügger2008298,
author={Brügger, A., Bunke, H., Dickinson, P., Riesen, K.},
title={Generalized graph matching for data mining and information retrieval},
journal={Lecture Notes in Computer Science (including subseries Lecture Notes in Artificial Intelligence and Lecture Notes in Bioinformatics)},
year={2008},
volume={5077 LNAI},
pages={298-312},
note={cited By (since 1996) 0},
url={http://www.scopus.com/inward/record.url?eid=2-s2.0-48949094122&partnerID=40&md5=0f0317a316af4fb13c837f1065ee911b},
document_type={Conference Paper},
source={Scopus},
}

@ARTICLE{Jiang2008149,
author={Jiang, X., Bunke, H.},
title={Graph matching},
journal={Studies in Computational Intelligence},
year={2008},
volume={73},
pages={149-173},
note={cited By (since 1996) 0},
url={http://www.scopus.com/inward/record.url?eid=2-s2.0-42449102658&partnerID=40&md5=5355872f0c78cb15812e29c4d6c3c365},
document_type={Article},
source={Scopus},
}

@ARTICLE{Bunke2008131,
author={Bunke, H., Dickinson, P., Kraetzl, M., Neuhaus, M., Stettler, M.},
title={Matching of hypergraphs - Algorithms, applications, and experiments},
journal={Studies in Computational Intelligence},
year={2008},
volume={91},
pages={131-154},
note={cited By (since 1996) 2},
url={http://www.scopus.com/inward/record.url?eid=2-s2.0-40449092571&partnerID=40&md5=937f68588c15e8d87da4a7caef01c962},
document_type={Article},
source={Scopus},
}

@ARTICLE{Riesen2007563,
author={Riesen, K., Kilchherr, V., Bunke, H.},
title={Reducing the dimensionality of vector space embeddings of graphs},
journal={Lecture Notes in Computer Science (including subseries Lecture Notes in Artificial Intelligence and Lecture Notes in Bioinformatics)},
year={2007},
volume={4571 LNAI},
pages={563-573},
note={cited By (since 1996) 2},
url={http://www.scopus.com/inward/record.url?eid=2-s2.0-37249068454&partnerID=40&md5=76376ffa66a737efc5e397fb0e90fc6d},
document_type={Conference Paper},
source={Scopus},
}

@ARTICLE{Riesen2007383,
author={Riesen, K., Neuhaus, M., Bunke, H.},
title={Graph embedding in vector spaces by means of prototype selection},
journal={Lecture Notes in Computer Science (including subseries Lecture Notes in Artificial Intelligence and Lecture Notes in Bioinformatics)},
year={2007},
volume={4538 LNCS},
pages={383-393},
note={cited By (since 1996) 15},
url={http://www.scopus.com/inward/record.url?eid=2-s2.0-38149011441&partnerID=40&md5=a1e2f41399bbc19ed9b912f525e8c556},
document_type={Conference Paper},
source={Scopus},
}

@ARTICLE{Bunke200720,
author={Bunke, H., Riesen, K.},
title={A family of novel graph kernels for structural pattern recognition},
journal={Lecture Notes in Computer Science (including subseries Lecture Notes in Artificial Intelligence and Lecture Notes in Bioinformatics)},
year={2007},
volume={4756 LNCS},
pages={20-31},
note={cited By (since 1996) 6},
url={http://www.scopus.com/inward/record.url?eid=2-s2.0-38449122256&partnerID=40&md5=d70622bb5326e31b5c1a825a56d41d8b},
document_type={Conference Paper},
source={Scopus},
}

@CONFERENCE{Liwicki2007372,
author={Liwicki, M., Bunke, H.},
title={Combining on-line and off-line systems for handwriting recognition},
journal={Proceedings of the International Conference on Document Analysis and Recognition, ICDAR},
year={2007},
volume={1},
pages={372-376},
art_number={4378734},
note={cited By (since 1996) 6},
url={http://www.scopus.com/inward/record.url?eid=2-s2.0-51149121436&partnerID=40&md5=829139e83a5c3759f0f66a7837f78c4b},
document_type={Conference Paper},
source={Scopus},
}

@CONFERENCE{Riesen20071500,
author={Riesen, K., Bunke, H.},
title={Structural classifier ensembles for vector space embedded graphs},
journal={IEEE International Conference on Neural Networks - Conference Proceedings},
year={2007},
pages={1500-1505},
art_number={4371180},
note={cited By (since 1996) 0},
url={http://www.scopus.com/inward/record.url?eid=2-s2.0-51749119239&partnerID=40&md5=41200d3867b3024e05ee0f173919c469},
document_type={Conference Paper},
source={Scopus},
}

@ARTICLE{Bunke2005463,
author={Bunke, H., Dickinson, P., Kraetzl, M.},
title={Theoretical and algorithmic framework for hypergraph matching},
journal={Lecture Notes in Computer Science (including subseries Lecture Notes in Artificial Intelligence and Lecture Notes in Bioinformatics)},
year={2005},
volume={3617 LNCS},
pages={463-470},
note={cited By (since 1996) 1},
url={http://www.scopus.com/inward/record.url?eid=2-s2.0-33745173833&partnerID=40&md5=19b888296eb92a5a911d401068ae2b48},
document_type={Conference Paper},
source={Scopus},
}

@CONFERENCE{Varga2005352,
author={Varga, T., Bunke, H.},
title={Tree structure for word extraction from handwritten text lines},
journal={Proceedings of the International Conference on Document Analysis and Recognition, ICDAR},
year={2005},
volume={2005},
pages={352-356},
art_number={1575568},
note={cited By (since 1996) 4},
url={http://www.scopus.com/inward/record.url?eid=2-s2.0-33947433638&partnerID=40&md5=3b5e037139ee38f5ab1974d84a7c195c},
document_type={Conference Paper},
source={Scopus},
}

@ARTICLE{Bunke20051,
author={Bunke, H., Irniger, C., Neuhaus, M.},
title={Graph matching - Challenges and potential solutions},
journal={Lecture Notes in Computer Science (including subseries Lecture Notes in Artificial Intelligence and Lecture Notes in Bioinformatics)},
year={2005},
volume={3617 LNCS},
pages={1-10},
note={cited By (since 1996) 4},
url={http://www.scopus.com/inward/record.url?eid=2-s2.0-33745128098&partnerID=40&md5=41c2c2f5758209239d4a946e571c9997},
document_type={Conference Paper},
source={Scopus},
}

@CONFERENCE{Le Saux2005147,
author={Le Saux, B., Bunke, H.},
title={Feature selection for graph-based image classifiers},
journal={Lecture Notes in Computer Science},
year={2005},
volume={3523},
number={II},
pages={147-154},
note={cited By (since 1996) 4},
url={http://www.scopus.com/inward/record.url?eid=2-s2.0-25144445748&partnerID=40&md5=7a49d7120341eaa4e9ab9b814bbadd79},
document_type={Conference Paper},
source={Scopus},
}

@CONFERENCE{Irniger2004383,
author={Irniger, C., Bunke, H.},
title={Graph database filtering using decision trees},
journal={Proceedings - International Conference on Pattern Recognition},
year={2004},
volume={3},
pages={383-388},
note={cited By (since 1996) 3},
url={http://www.scopus.com/inward/record.url?eid=2-s2.0-10044240511&partnerID=40&md5=b741bcc2fef1dd2195b58d8788216ff8},
document_type={Conference Paper},
source={Scopus},
}

@ARTICLE{Dickinson2004243,
author={Dickinson, P.J., Bunke, H., Dadej, A., Kraetzl, M.},
title={Matching graphs with unique node labels},
journal={Pattern Analysis and Applications},
year={2004},
volume={7},
number={3},
pages={243-254},
note={cited By (since 1996) 14},
url={http://www.scopus.com/inward/record.url?eid=2-s2.0-12844275434&partnerID=40&md5=8a284003e35482c64a110955f224c83f},
document_type={Article},
source={Scopus},
}

@ARTICLE{Schenker2004401,
author={Schenker, A., Bunke, H., Last, M., Kandel, A.},
title={A graph-based framework for web document mining},
journal={Lecture Notes in Computer Science (including subseries Lecture Notes in Artificial Intelligence and Lecture Notes in Bioinformatics)},
year={2004},
volume={3163},
pages={401-412},
note={cited By (since 1996) 2},
url={http://www.scopus.com/inward/record.url?eid=2-s2.0-35048874758&partnerID=40&md5=b4e90acde22ba3d7c764acab35da1ce6},
document_type={Article},
source={Scopus},
}

@CONFERENCE{Bunke20037,
author={Bunke, H.},
title={Graph-based tools for data mining and machine learning},
journal={Lecture Notes in Artificial Intelligence (Subseries of Lecture Notes in Computer Science)},
year={2003},
volume={2734},
pages={7-19},
note={cited By (since 1996) 1},
url={http://www.scopus.com/inward/record.url?eid=2-s2.0-8344221268&partnerID=40&md5=96b28ed0b146afd6783f57f38f5ea661},
document_type={Conference Paper},
source={Scopus},
}

@ARTICLE{Messmer2000307,
author={Messmer, B.T., Bunke, H.},
title={Efficient subgraph isomorphism detection: A decomposition approach},
journal={IEEE Transactions on Knowledge and Data Engineering},
year={2000},
volume={12},
number={2},
pages={307-323},
note={cited By (since 1996) 46},
url={http://www.scopus.com/inward/record.url?eid=2-s2.0-0033685860&partnerID=40&md5=d629360e48974679d86b3b0ddbcbb2e6},
document_type={Article},
source={Scopus},
}

@ARTICLE{Bunke2000335,
author={Bunke, H.},
title={Graph matching for visual object recognition},
journal={Spatial Vision},
year={2000},
volume={13},
number={2-3},
pages={335-340},
note={cited By (since 1996) 7},
url={http://www.scopus.com/inward/record.url?eid=2-s2.0-0034352144&partnerID=40&md5=6318685907319d1cef99f5ba1e094c04},
document_type={Article},
source={Scopus},
}

@ARTICLE{Bunke200013,
author={Bunke, H., Jiang, X., Kandel, A.},
title={On the Minimum Common Supergraph of Two Graphs},
journal={Computing (Vienna/New York)},
year={2000},
volume={65},
number={1},
pages={13-25},
note={cited By (since 1996) 18},
url={http://www.scopus.com/inward/record.url?eid=2-s2.0-0043283912&partnerID=40&md5=b9b46835a7fbbe2332c4edd0c423f0a4},
document_type={Article},
source={Scopus},
}

@ARTICLE{Bunke2000163,
author={Bunke, H., Kandel, A.},
title={Mean and maximum common subgraph of two graphs},
journal={Pattern Recognition Letters},
year={2000},
volume={21},
number={2},
pages={163-168},
note={cited By (since 1996) 20},
url={http://www.scopus.com/inward/record.url?eid=2-s2.0-0033893388&partnerID=40&md5=f267e639ff057c66a712c2de98d6d01d},
document_type={Article},
source={Scopus},
}

@ARTICLE{Messmer19991979,
author={Messmer, B.T., Bunke, H.},
title={A decision tree approach to graph and subgraph isomorphism detection},
journal={Pattern Recognition},
year={1999},
volume={32},
number={12},
pages={1979-1998},
note={cited By (since 1996) 44},
url={http://www.scopus.com/inward/record.url?eid=2-s2.0-0032708360&partnerID=40&md5=7b356ebcee1219c74e23beb2b77711e8},
document_type={Article},
source={Scopus},
}

@ARTICLE{Bunke19991271,
author={Bunke, H., Münger, A., Jiang, X.},
title={Combinatorial search versus genetic algorithms: A case study based on the generalized median graph problem},
journal={Pattern Recognition Letters},
year={1999},
volume={20},
number={11-13},
pages={1271-1277},
note={cited By (since 1996) 20},
url={http://www.scopus.com/inward/record.url?eid=2-s2.0-0342973213&partnerID=40&md5=a861555789c2f51d5532d7104d00953c},
document_type={Article},
source={Scopus},
}

@ARTICLE{Jiang19991273,
author={Jiang, X., Bunke, H.},
title={Optimal quadratic-time isomorphism of ordered graphs},
journal={Pattern Recognition},
year={1999},
volume={32},
number={7},
pages={1273-1283},
note={cited By (since 1996) 10},
url={http://www.scopus.com/inward/record.url?eid=2-s2.0-0033165432&partnerID=40&md5=a61ca06e84da75743e23cde5cb675b16},
document_type={Article},
source={Scopus},
}

@ARTICLE{Jiang199823,
author={Jiang, X., Bunke, H.},
title={On the Coding of Ordered Graphs},
journal={Computing (Vienna/New York)},
year={1998},
volume={61},
number={1},
pages={23-38},
note={cited By (since 1996) 1},
url={http://www.scopus.com/inward/record.url?eid=2-s2.0-1842866924&partnerID=40&md5=c2f58d42ccb2bf9cdbffdaf7d545943f},
document_type={Article},
source={Scopus},
}

@ARTICLE{Bunke1998255,
author={Bunke, H., Shearer, K.},
title={A graph distance metric based on the maximal common subgraph},
journal={Pattern Recognition Letters},
year={1998},
volume={19},
number={3-4},
pages={255-259},
note={cited By (since 1996) 153},
url={http://www.scopus.com/inward/record.url?eid=2-s2.0-0032024433&partnerID=40&md5=b3b117684b4eca5d5aeadb0be51b7c06},
document_type={Article},
source={Scopus},
}

@ARTICLE{Bunke1997169,
author={Bunke, H., Messmer, B.T.},
title={Recent advances in graph matching},
journal={International Journal of Pattern Recognition and Artificial Intelligence},
year={1997},
volume={11},
number={1},
pages={169-203},
note={cited By (since 1996) 30},
url={http://www.scopus.com/inward/record.url?eid=2-s2.0-0001049532&partnerID=40&md5=f94595fa553c58172176d57f8b3ba8e7},
document_type={Article},
source={Scopus},
}
