@article{Corneil1970,
 author = {Corneil, D. G. and Gotlieb, C. C.},
 title = {An Efficient Algorithm for Graph Isomorphism},
 journal = {J. ACM},
 volume = {17},
 issue = {1},
 month = {January},
 year = {1970},
 issn = {0004-5411},
 pages = {51--64},
 numpages = {14},
 url = {http://doi.acm.org/10.1145/321556.321562},
 doi = {http://doi.acm.org/10.1145/321556.321562},
 acmid = {321562},
 publisher = {ACM},
 address = {New York, NY, USA},
} 