Scopus
EXPORT DATE: 24 February 2011

@ARTICLE{Rouvray1979177,
author={Rouvray, D.H., Balaban, A.T.},
title={Chemical applications of graph theory},
journal={Applications of Graph Theory},
year={1979},
pages={177-221},
note={cited By (since 1996) 13},
}

@ARTICLE{Bradtke1988133,
author={Bradtke, S., Lehnert, W.G.},
title={Some Experiments with Case-Based Search},
journal={Proc. AAAI-88},
year={1988},
pages={133-138},
note={cited By (since 1996) 4},
}

@ARTICLE{Poole199354,
author={Poole, J.},
title={Similarity in legal case based reasoning as degree of matching in conceptual graphs},
journal={Proceedings First European Workshop on Case-Based Reasoning},
year={1993},
volume={1},
pages={54-58},
note={cited By (since 1996) 3},
}

@ARTICLE{Ehrig1992557,
author={Ehrig, H., Habel, A., Kreowski, H.-J.},
title={Introduction to graph grammars with applications to semantic networks},
journal={Computers and Mathematics with Applications},
year={1992},
volume={23},
number={6-9},
pages={557-572},
note={cited By (since 1996) 5},
}

@ARTICLE{Bhanu1988537,
author={Bhanu, B., Ming, J.C.},
title={TRIPLE: A Multi-Strategy Matching Learning Approach to Target Recognition},
journal={1988 DARPA Linage Understanding Workshop},
year={1988},
pages={537-547},
note={cited By (since 1996) 2},
}

@ARTICLE{Fisher1990267,
author={Fisher, D.H.},
title={Knowledge acquisition via incremental conceptual clustering},
journal={Readings in Machine Learning},
year={1990},
pages={267-283},
note={cited By (since 1996) 4},
}

@ARTICLE{Cook1993231,
author={Cook, Diane J., Holder, Lawrence B.},
title={Substructure discovery using minimum description length and background knowledge},
journal={Journal of Artificial Intelligence Research},
year={1993},
volume={1},
pages={231-255},
note={cited By (since 1996) 113},
}

@ARTICLE{Messmer199533,
author={Messmer, B.T., Bunke, H.},
title={Automatic learning and recognition of graphical symbols in engineering drawings},
journal={Proc. Int. Workshop on Graphics Recognition},
year={1995},
pages={33-43},
note={cited By (since 1996) 3},
}

@ARTICLE{Lu1991617,
author={Lu, S.W., Ren, Y., Suen, C.Y.},
title={Hierarchical attributed graph representation and recognition of handwritten Chinese characters},
journal={Pattern Recognition},
year={1991},
volume={24},
number={7},
pages={617-632},
note={cited By (since 1996) 46},
}

@ARTICLE{Lee19901,
author={Lee, S.W., Kim, J.H., Groen, F.C.A.},
title={Translation-rotation- and scale invariant recognition of hand-drawn symbols in schematic diagrams},
journal={Int'l J. Pattern Recognition and Artificial Intelligence},
year={1990},
volume={4},
number={1},
pages={1-15},
note={cited By (since 1996) 18},
}

@ARTICLE{Lee1989137,
author={Lee, S., Kim, J.H.},
title={Attributed stroke graph matching for seal imprint verification},
journal={Pattern Recognition Letters},
year={1989},
volume={9},
number={2},
pages={137-145},
note={cited By (since 1996) 12},
}

@CONFERENCE{Horaud1988439,
author={Horaud, Radu, Skordas, Thomas},
title={Structural matching for stereo vision},
journal={Proceedings - International Conference on Pattern Recognition},
year={1988},
pages={439-445},
note={cited By (since 1996) 5},
}

@CONFERENCE{Cheng1981542,
author={Cheng, J.K., Huang, T.S.},
title={IMAGE RECOGNITION BY MATCHING RELATIONAL STRUCTURES.},
journal={Proceedings - IEEE Computer Society Conference on Pattern Recognition and Image Processing},
year={1981},
pages={542-547},
note={cited By (since 1996) 3},
}

@ARTICLE{Wong1989279,
author={Wong, Andrew K.C., Lu, Si W., Rioux, Marc},
title={Recognition and shape synthesis of 3-D objects based on attributed hypergraphs},
journal={IEEE Transactions on Pattern Analysis and Machine Intelligence},
year={1989},
volume={11},
number={3},
pages={279-290},
note={cited By (since 1996) 27},
}

@ARTICLE{Cho1992587,
author={Cho, C.J., Kim, J.H.},
title={Recognizing 3-D objects by forward checking constrained tree search},
journal={Pattern Recognition Letters},
year={1992},
volume={13},
number={8},
pages={587-597},
note={cited By (since 1996) 6},
}

@ARTICLE{Wong1992287,
author={Wong, E.K.},
title={Model matching in robot vision by subgraph isomorphism},
journal={Pattern Recognition},
year={1992},
volume={25},
number={3},
pages={287-303},
note={cited By (since 1996) 37},
}

@ARTICLE{Garey1979,
author={Garey, M.R., Johnson, D.S.},
journal={Computers and Intractability: A Guide to the Theory of NP-Completeness},
year={1979},
note={cited By (since 1996) 12147},
}

@ARTICLE{Ullmann197631,
author={Ullmann, J.R.},
title={ALGORITHM FOR SUBGRAPH ISOMORPHISM.},
journal={J Assoc Comput Mach},
year={1976},
volume={23},
number={1},
pages={31-42},
note={cited By (since 1996) 390},
}

@ARTICLE{Haralick1980263,
author={Haralick, Robert M., Elliott, Gordon L.},
title={INCREASING TREE SEARCH EFFICIENCY FOR CONSTRAINT SATISFACTION PROBLEMS.},
journal={Artificial Intelligence},
year={1980},
volume={14},
number={3},
pages={263-313},
note={cited By (since 1996) 302},
}

@ARTICLE{Kim1991224,
author={Kim, Whoi-Yul, Kak, Avinash C.},
title={3-D object recognition using bipartite matching embedded in discrete relaxation},
journal={IEEE Transactions on Pattern Analysis and Machine Intelligence},
year={1991},
volume={13},
number={3},
pages={224-251},
note={cited By (since 1996) 42},
}

@ARTICLE{Falkenhainer19891,
author={Falkenhainer, B., Forbus, K.D., Gentner, D.},
title={The structure-mapping engine: Algorithm and examples},
journal={Artificial Intelligence},
year={1989},
volume={41},
number={1},
pages={1-63},
note={cited By (since 1996) 285},
}

@ARTICLE{Myaeng1992107,
author={Myaeng, S.H., Lopez-Lopez, A.},
title={Conceptual graph matching: A flexible algorithm and experiments},
journal={J. Experiment Theoret. Artificial Intell},
year={1992},
volume={4},
pages={107-126},
note={cited By (since 1996) 11},
}

@ARTICLE{Blake1994439,
author={Blake, R.E.},
title={Partitioning graph matching with constraints},
journal={Pattern Recognition},
year={1994},
volume={27},
number={3},
pages={439-446},
note={cited By (since 1996) 6},
}

@ARTICLE{Kuner1988527,
author={Kuner, P., Ueberreiter, B.},
title={Pattern recognition by graph matching: Combinatorial versus continuous optimization},
journal={Int'l J. Pattern Recognition and Artificial Intelligence},
year={1988},
volume={2},
number={3},
pages={527-542},
note={cited By (since 1996) 19},
}

@ARTICLE{Herault1990319,
author={Herault, L., Horaud, R., Veillon, F., Niez, J.-J.},
title={Symbolic image matching by simulated annealing},
journal={Proc. British Machine Vision Conf.},
year={1990},
pages={319-324},
note={cited By (since 1996) 19},
}

@ARTICLE{De Jong1989124,
author={De Jong, K.A., Spears, W.M.},
title={Using genetic algorithms to solve NP-complete problems},
journal={Proceedings of the Third International Conference on Genetic Algorithms},
year={1989},
pages={124-132},
note={cited By (since 1996) 92},
}

@ARTICLE{Brown1989406,
author={Brown, D.E., Huntley, C.L., Spillane, A.R.},
title={A parallel genetic heuristic for the quadratic assignment problem},
journal={Proceedings Third International Conference on Genetic Algorithms},
year={1989},
pages={406-415},
note={cited By (since 1996) 40},
}

@ARTICLE{Ford1991559,
author={Ford, G.P., Zhang, J.},
title={A structural graph matching approach to image understanding},
journal={Proc. SPIE Conf. Intelligent Robots and Computer Vision X: Algorithms and Techniques},
year={1991},
volume={1607},
pages={559-569},
note={cited By (since 1996) 4},
}

@ARTICLE{Christmas1995749,
author={Christmas, William J., Kittler, Josef, Petrou, Maria},
title={Structural matching in computer vision using probabilistic relaxation},
journal={IEEE Transactions on Pattern Analysis and Machine Intelligence},
year={1995},
volume={17},
number={8},
pages={749-764},
note={cited By (since 1996) 231},
}

@ARTICLE{Shapiro1982595,
author={Shapiro, Linda G., Haralick, Robert M.},
title={ORGANIZATION OF RELATIONAL MODELS FOR SCENE ANALYSIS.},
journal={IEEE Transactions on Pattern Analysis and Machine Intelligence},
year={1982},
volume={PAMI-4},
number={6},
pages={595-602},
note={cited By (since 1996) 35},
}

@ARTICLE{Sossa1992811,
author={Sossa, H., Horaud, R.},
title={Model indexing: The graph-hashing approach},
journal={Proc. IEEE Conf. Computer Vision and Pattern Recognition},
year={1992},
pages={811-814},
note={cited By (since 1996) 16},
}

@ARTICLE{Sengupta1995321,
author={Sengupta, Kuntal, Boyer, Kim L.},
title={Organizing large structural modelbases},
journal={IEEE Transactions on Pattern Analysis and Machine Intelligence},
year={1995},
volume={17},
number={4},
pages={321-332},
note={cited By (since 1996) 59},
}

@ARTICLE{Paris1993258,
author={Paris, S.},
title={Structural recognition using an index},
journal={Proc. 7th Int. Conf. on Image Analysis and Processing: Progress in Image Analysis and Processing},
year={1993},
volume={3},
pages={258-265},
note={cited By (since 1996) 2},
}

@ARTICLE{Levinson1992573,
author={Levinson, R.},
title={Pattern associativity and the retrieval of semantic networks},
journal={Computers and Mathematics with Applications},
year={1992},
volume={23},
number={6-9},
pages={573-600},
note={cited By (since 1996) 12},
}

@ARTICLE{Forgy198217,
author={Forgy, C.L.},
title={Rete: A fast algorithm for the many pattern/many object pattern match problem},
journal={Artificial Intelligence},
year={1982},
volume={19},
number={1},
pages={17-37},
note={cited By (since 1996) 480},
}

@ARTICLE{Lee1992249,
author={Lee, H.S., Schor, M.I.},
title={Match algorithms for generalized Rete networks},
journal={Artificial Intelligence},
year={1992},
volume={54},
number={3},
pages={249-274},
note={cited By (since 1996) 9},
}

@ARTICLE{Kelly198984,
author={Kelly, M.A., Seviora, R.E.},
title={An evaluation of DRete on CUPID for OPS5},
journal={Proc. Int'l Joint Conf. Artificial Intelligence},
year={1989},
volume={IJCAI-89},
pages={84-90},
note={cited By (since 1996) 3},
}
